@misc{pandas,
  author    = {not available},
  title     = {Documentation - "Pandas Documentation"},
  year      = {not available},
  url       = {https://pandas.pydata.org/pandas-docs/stable/},
}

@misc{scikit-learn,
  author    = {not available},
  title     = {Documentation - "Scikit-Learn Documentation"},
  year      = {not available},
  url       = {https://scikit-learn.org/stable/},
}

@misc{numpy,
  author    = {not available},
  title     = {Documentation - "NumPy Documentation"},
  year      = {not available},
  url       = {https://numpy.org/doc/stable/},
}

@misc{matplotlib,
  author    = {not available},
  title     = {Documentation - "Matplotlib Documentation"},
  year      = {not available},
  url       = {https://matplotlib.org/stable/contents.html},
}

@misc{seaborn,
  author    = {not available},
  title     = {Documentation - "Seaborn Documentation"},
  year      = {not available},
  url       = {https://seaborn.pydata.org/},
}

@misc{chatgpt,
  author    = {OpenAI},
  title     = {ChatGPT, Version 3.5},
  year      = {not available},
  url       = {https://openai.com/chatgpt},
}

@misc{google_bard,
  author    = {Google AI},
  title     = {Google Bard, Large language model},
  year      = {not available},
  url       = {https://bard.google.com/},
}

@misc{iqr_outliers,
  author    = {not available},
  title     = {Article - "Outliers Detection with IQR"},
  year      = {not available},
  url       = {https://www.geeksforgeeks.org/interquartile-range-to-detect-outliers-in-data/},
}

@misc{scipy_hierarchical_clustering,
  author    = {not available},
  title     = {Documentation - "Scipy Hierarchical Clustering"},
  year      = {not available},
  url       = {https://docs.scipy.org/doc/scipy/reference/generated/scipy.cluster.hierarchy.linkage.html},
}

@misc{boxplots,
  author    = {not available},
  title     = {Article - "Understanding Boxplots"},
  year      = {not available},
  url       = {https://towardsdatascience.com/understanding-boxplots-5e2df7bcbd51},
}

@misc{pymining,
  author    = {not available},
  title     = {Documentation - "Pymining Documentation"},
  year      = {not available},
  url       = {https://pymining.readthedocs.io/en/latest/index.html},
}

@misc{gsp_algorithm,
  author    = {not available},
  title     = {Article - "Generalized Sequential Pattern (GSP) Algorithm"},
  year      = {not available},
  url       = {https://en.wikipedia.org/wiki/Sequential_Pattern_Mining},
}

@article{agrawal1995mining,
  author    = {Rakesh Agrawal and Ramakrishnan Srikant},
  title     = {Mining Sequential Patterns},
  year      = {1995},
  url       = {https://dl.acm.org/doi/10.1145/223784.223791},
}

@misc{sequential_pattern_mining,
  author    = {not available},
  title     = {Article - "Sequential Pattern Mining"},
  year      = {not available},
  url       = {https://www.geeksforgeeks.org/sequential-pattern-mining/},
}

@misc{agglomerative_clustering,
  author    = {not available},
  title     = {Article - "Agglomerative hierarchical clustering"},
  year      = {not available},
  url       = {https://en.wikipedia.org/wiki/Hierarchical_clustering#Agglomerative_hierarchical_clustering},
}

@misc{k_means,
  author    = {not available},
  title     = {Article - "K-means clustering"},
  year      = {not available},
  url       = {https://en.wikipedia.org/wiki/K-means_clustering},
}

@misc{k_medians,
  author    = {not available},
  title     = {Article - "K-medians clustering"},
  year      = {not available},
  url       = {https://en.wikipedia.org/wiki/K-medians_clustering},
}

@misc{iqr_method,
  author    = {not available},
  title     = {Article - "Interquartile Range (IQR) Method"},
  year      = {not available},
  url       = {https://en.wikipedia.org/wiki/Interquartile_range},
}

@misc{liu2008isolation,
  author    = {Fei Tony Liu and Kai Ming Ting and Zhi-Hua Zhou},
  title     = {Isolation Forest},
  year      = {2008},
  url       = {https://cs.nju.edu.cn/zhouzh/zhouzh.files/publication/icdm08b.pdf},
}

@misc{dbscan,
  author    = {not available},
  title     = {Article - "DBSCAN"},
  year      = {not available},
  url       = {https://en.wikipedia.org/wiki/DBSCAN},
}

@misc{mean_shift,
  author    = {not available},
  title     = {Article - "Mean shift"},
  year      = {not available},
  url       = {https://en.wikipedia.org/wiki/Mean_shift},
}

@misc{prefixspan,
  author    = {not available},
  title     = {Documentation - "PrefixSpan Documentation"},
  year      = {not available},
  url       = {https://www.borgelt.net/prefixspan/prefixspan.pdf},
}

@misc{pca,
  author    = {not available},
  title     = {Article - "Principal Component Analysis (PCA)"},
  year      = {not available},
  url       = {https://en.wikipedia.org/wiki/Principal_component_analysis},
}

@misc{pca_sklearn,
  author    = {not available},
  title     = {Documentation - "Principal Component Analysis (PCA) - sklearn Documentation"},
  year      = {not available},
  url       = {https://scikit-learn.org/stable/modules/generated/sklearn.decomposition.PCA.html},
}

@misc{apriori,
  author    = {not available},
  title     = {Article - "Apriori Algorithm"},
  year      = {not available},
  url       = {https://en.wikipedia.org/wiki/Apriori_algorithm},
}

@misc{fp_growth,
  author    = {not available},
  title     = {Article - "FP-Growth Algorithm"},
  year      = {not available},
  url       = {https://en.wikipedia.org/wiki/FP-growth},
}
